

@article{cukier2013rise,
  title={The rise of big data: How it's changing the way we think about the world},
  author={Cukier, Kenneth and Mayer-Schoenberger, Viktor},
  journal={Foreign Aff.},
  volume={92},
  pages={28},
  year={2013},
  publisher={HeinOnline}
}

@article{weersink2018opportunities,
  title={Opportunities and challenges for big data in agricultural and environmental analysis},
  author={Weersink, Alfons and Fraser, Evan and Pannell, David and Duncan, Emily and Rotz, Sarah},
  journal={Annual Review of Resource Economics},
  volume={10},
  pages={19--37},
  year={2018},
  publisher={Annual Reviews}
}

@article{dolley2018big,
  title={Big data’s role in precision public health},
  author={Dolley, Shawn},
  journal={Frontiers in public health},
  volume={6},
  pages={68},
  year={2018},
  publisher={Frontiers}
}

@article{patel2020intertwine,
  title={The intertwine of brain and body: a quantitative analysis on how big data influences the system of sports},
  author={Patel, Devansh and Shah, Dhwanil and Shah, Manan},
  journal={Annals of Data Science},
  volume={7},
  pages={1--16},
  year={2020},
  publisher={Springer}
}

@misc{bai2016special,
  title={Special issue on big data},
  author={Bai, Jushan and Fan, Jianqing and Tsay, Ruey},
  journal={Journal of Business and Economic Statistics},
  volume={34},
  number={4},
  pages={487--488},
  year={2016},
  publisher={Taylor \& Francis}
}

@article{nobanee2021bibliometric,
  title={A bibliometric review of big data in finance},
  author={Nobanee, Haitham},
  journal={Big Data},
  volume={9},
  number={2},
  pages={73--78},
  year={2021},
  publisher={Mary Ann Liebert, Inc., publishers 140 Huguenot Street, 3rd Floor New~…}
}

@article{beaver1966financial,
  title={Financial ratios as predictors of failure},
  author={Beaver, William H},
  journal={Journal of Accounting Research},
  pages={71--111},
  year={1966},
  publisher={JSTOR}
}

@article{lewellen2004predicting,
  title={Predicting returns with financial ratios},
  author={Lewellen, Jonathan},
  journal={Journal of Financial Economics},
  volume={74},
  number={2},
  pages={209--235},
  year={2004},
  publisher={Elsevier}
}

@article{barnes1987analysis,
  title={The analysis and use of financial ratios},
  author={Barnes, Paul},
  journal={Journal of Business Finance and Accounting},
  volume={14},
  number={4},
  pages={449},
  year={1987}
}



@article{park2007we,
  title={What do we know about the profitability of technical analysis?},
  author={Park, Cheol-Ho and Irwin, Scott H},
  journal={Journal of Economic surveys},
  volume={21},
  number={4},
  pages={786--826},
  year={2007},
  publisher={Wiley Online Library}
}



@article{khan2020stock,
  title={Stock market prediction using machine learning classifiers and social media, news},
  author={Khan, Wasiat and Ghazanfar, Mustansar Ali and Azam, Muhammad Awais and Karami, Amin and Alyoubi, Khaled H and Alfakeeh, Ahmed S},
  journal={Journal of Ambient Intelligence and Humanized Computing},
  pages={1--24},
  year={2020},
  publisher={Springer}
}

@article{moat2013quantifying,
  title={Quantifying Wikipedia usage patterns before stock market moves},
  author={Moat, Helen Susannah and Curme, Chester and Avakian, Adam and Kenett, Dror Y and Stanley, H Eugene and Preis, Tobias},
  journal={Scientific reports},
  volume={3},
  number={1},
  pages={1801},
  year={2013},
  publisher={Nature Publishing Group UK London}
}

@inproceedings{pagolu2016sentiment,
  title={Sentiment analysis of Twitter data for predicting stock market movements},
  author={Pagolu, Venkata Sasank and Reddy, Kamal Nayan and Panda, Ganapati and Majhi, Babita},
  booktitle={2016 international conference on signal processing, communication, power and embedded system (SCOPES)},
  pages={1345--1350},
  year={2016},
  organization={IEEE}
}

@article{yermack2006flights,
  title={Flights of fancy: Corporate jets, CEO perquisites, and inferior shareholder returns},
  author={Yermack, David},
  journal={Journal of financial economics},
  volume={80},
  number={1},
  pages={211--242},
  year={2006},
  publisher={Elsevier}
}

@article{jacobs2016alphabetic,
  title={Alphabetic bias, investor recognition, and trading behavior},
  author={Jacobs, Heiko and Hillert, Alexander},
  journal={Review of Finance},
  volume={20},
  number={2},
  pages={693--723},
  year={2016},
  publisher={Oxford University Press}
}

@inproceedings{sagiroglu2013big,
  title={Big data: A review},
  author={Sagiroglu, Seref and Sinanc, Duygu},
  booktitle={2013 international conference on collaboration technologies and systems (CTS)},
  pages={42--47},
  year={2013},
  organization={IEEE}
}

@article{hashem2016role,
  title={The role of big data in smart city},
  author={Hashem, Ibrahim Abaker Targio and Chang, Victor and Anuar, Nor Badrul and Adewole, Kayode and Yaqoob, Ibrar and Gani, Abdullah and Ahmed, Ejaz and Chiroma, Haruna},
  journal={International Journal of information management},
  volume={36},
  number={5},
  pages={748--758},
  year={2016},
  publisher={Elsevier}
}

@article{yin2015big,
  title={Big data for modern industry: challenges and trends [point of view]},
  author={Yin, Shen and Kaynak, Okyay},
  journal={Proceedings of the IEEE},
  volume={103},
  number={2},
  pages={143--146},
  year={2015},
  publisher={IEEE}
}

@article{levine1998stock,
  title={Stock markets, banks, and economic growth},
  author={Levine, Ross and Zervos, Sara},
  journal={American Economic Review},
  pages={537--558},
  year={1998},
  publisher={JSTOR}
}

@book{Anderson1981-ANDFOI-2,
	publisher = {Academic Press},
	year = {1981},
	title = {Foundations of Information Integration Theory},
	author = {Norman Henry Anderson}
}

@article{hogarth1992order,
  title={Order effects in belief updating: The belief-adjustment model},
  author={Hogarth, Robin M and Einhorn, Hillel J},
  journal={Cognitive Psychology},
  volume={24},
  number={1},
  pages={1--55},
  year={1992},
  publisher={Elsevier}
}

@book{mill1874essays,
  title={Essays on some unsettled questions of political economy},
  author={Mill, John Stuart},
  year={1874},
  publisher={J.W. Parker}
}

@article{markowitz,
 author = {Harry Markowitz},
 journal = {The Journal of Finance},
 number = {1},
 pages = {77--91},
 publisher = {[American Finance Association, Wiley]},
 title = {Portfolio Selection},
 urldate = {2023-03-24},
 volume = {7},
 year = {1952}
}

@article{fama1970efficient,
  title={Efficient capital markets: A review of theory and empirical work},
  author={Fama, Eugene F},
  journal={The Journal of Finance},
  volume={25},
  number={2},
  pages={383--417},
  year={1970},
  publisher={JSTOR}
}

@article{subrahmanyam2008behavioural,
  title={Behavioural finance: A review and synthesis},
  author={Subrahmanyam, Avanidhar},
  journal={European Financial Management},
  volume={14},
  number={1},
  pages={12--29},
  year={2008},
  publisher={Wiley Online Library}
}

@article{kapoor2017behavioural,
  title={Behavioural finance: A review},
  author={Kapoor, Sujata and Prosad, Jaya M},
  journal={Procedia Computer Science},
  volume={122},
  pages={50--54},
  year={2017},
  publisher={Elsevier}
}

@article{saunders1993stock,
  title={Stock prices and Wall Street weather},
  author={Saunders, Edward M},
  journal={The American Economic Review},
  volume={83},
  number={5},
  pages={1337--1345},
  year={1993},
  publisher={JSTOR}
}

@article{cunningham1979weather,
  title={Weather, mood, and helping behavior: Quasi experiments with the sunshine samaritan.},
  author={Cunningham, Michael R},
  journal={Journal of Personality and Social Psychology},
  volume={37},
  number={11},
  pages={1947},
  year={1979},
  publisher={American Psychological Association}
}



@article{kai1979prospect,
  title={Prospect theory: An analysis of decision under risk},
  author={Kahneman, Daniel and Tversky, Amos},
  journal={Econometrica},
  volume={47},
  number={2},
  pages={363--391},
  year={1979}
}

@incollection{von2007theory,
  title={Theory of games and economic behavior},
  author={Von Neumann, John and Morgenstern, Oskar},
  booktitle={Theory of games and economic behavior},
  year={2007},
  publisher={Princeton University Press}
}

@article{reber2004processing,
  title={Processing fluency and aesthetic pleasure: Is beauty in the perceiver's processing experience?},
  author={Reber, Rolf and Schwarz, Norbert and Winkielman, Piotr},
  journal={Personality and Social Psychology Review},
  volume={8},
  number={4},
  pages={364--382},
  year={2004},
  publisher={Sage Publications Sage CA: Los Angeles, CA}
}

@article{alter2006predicting,
  title={Predicting short-term stock fluctuations by using processing fluency},
  author={Alter, Adam L and Oppenheimer, Daniel M},
  journal={Proceedings of the National Academy of Sciences},
  volume={103},
  number={24},
  pages={9369--9372},
  year={2006},
  publisher={National Acad Sciences}
}

@article{green2013company,
  title={Company name fluency, investor recognition, and firm value},
  author={Green, T Clifton and Jame, Russell},
  journal={Journal of Financial Economics},
  volume={109},
  number={3},
  pages={813--834},
  year={2013},
  publisher={Elsevier}
}

@article{travers1978pronounceability,
  title={Pronounceability and statistical ``\uppercase{E}nglishness" as determinants of letter identification},
  author={Travers, Jeffrey R and Olivier, Donald C},
  journal={The American Journal of Psychology},
  pages={523--538},
  year={1978},
  publisher={JSTOR}
}

@article{jacobs2016alphabetic,
  title={Alphabetic bias, investor recognition, and trading behavior},
  author={Jacobs, Heiko and Hillert, Alexander},
  journal={Review of Finance},
  volume={20},
  number={2},
  pages={693--723},
  year={2016},
  publisher={Oxford University Press}
}

@article{carney2012first,
  title={First is best},
  author={Carney, Dana R and Banaji, Mahzarin R},
  journal={PloS ONE},
  volume={7},
  number={6},
  pages={e35088},
  year={2012},
  publisher={Public Library of Science San Francisco, USA}
}

@article{van2018company,
  title={Company Name Fluency and Stock Returns},
  author={Van den Assem, Martijn and Montone, Maurizio and Zwinkels, Remco},
  journal={SSRN 3123201},
  year={2018}
}

@article{shefrin1985disposition,
  title={The disposition to sell winners too early and ride losers too long: Theory and evidence},
  author={Shefrin, Hersh and Statman, Meir},
  journal={The Journal of Finance},
  volume={40},
  number={3},
  pages={777--790},
  year={1985},
  publisher={Wiley Online Library}
}

@article{kai1979prospect,
  title={Prospect theory: An analysis of decision under risk},
  author={Kahneman, DANIEL and Tversky, Amos},
  journal={Econometrica},
  volume={47},
  number={2},
  pages={363--391},
  year={1979}
}

@article{kumar2015s,
  title={What's in a name? \uppercase{M}utual fund flows when managers have foreign-sounding names},
  author={Kumar, Alok and Niessen-Ruenzi, Alexandra and Spalt, Oliver G},
  journal={The Review of Financial Studies},
  volume={28},
  number={8},
  pages={2281--2321},
  year={2015},
  publisher={Oxford University Press}
}

@article{el2021s,
  title={What's in a (green) name? The consequences of greening fund names on fund flows, turnover, and performance},
  author={El Ghoul, Sadok and Karoui, Aymen},
  journal={Finance Research Letters},
  volume={39},
  pages={101620},
  year={2021},
  publisher={Elsevier}
}

@article{cooper2001rose,
  title={A rose. com by any other name},
  author={Cooper, Michael J and Dimitrov, Orlin and Rau, P Raghavendra},
  journal={The Journal of Finance},
  volume={56},
  number={6},
  pages={2371--2388},
  year={2001},
  publisher={Wiley Online Library}
}

@article{itzkowitz2017name,
  title={Name-based behavioral biases: are expert investors immune?},
  author={Itzkowitz, Jennifer and Itzkowitz, Jesse},
  journal={Journal of Behavioral Finance},
  volume={18},
  number={2},
  pages={180--188},
  year={2017},
  publisher={Taylor \& Francis}
}

@article{itzkowitz2016abcs,
  title={ABCs of trading: Behavioral biases affect stock turnover and value},
  author={Itzkowitz, Jennifer and Itzkowitz, Jesse and Rothbort, Scott},
  journal={Review of Finance},
  volume={20},
  number={2},
  pages={663--692},
  year={2016},
  publisher={Oxford University Press}
}

@inproceedings{hogenboom2013exploiting,
  title={Exploiting emoticons in sentiment analysis},
  author={Hogenboom, Alexander and Bal, Daniella and Frasincar, Flavius and Bal, Malissa and De Jong, Franciska and Kaymak, Uzay},
  booktitle={Proceedings of the 28th annual ACM symposium on applied computing},
  pages={703--710},
  year={2013}
}

@article{reber1998effects,
  title={Effects of perceptual fluency on affective judgments},
  author={Reber, Rolf and Winkielman, Piotr and Schwarz, Norbert},
  journal={Psychological Science},
  volume={9},
  number={1},
  pages={45--48},
  year={1998},
  publisher={SAGE Publications Sage CA: Los Angeles, CA}
}

@article{zajonc1968attitudinal,
  title={Attitudinal effects of mere exposure.},
  author={Zajonc, Robert B},
  journal={Journal of Personality and Social Psychology},
  volume={9},
  number={2p2},
  pages={1},
  year={1968},
  publisher={American Psychological Association}
}

@inproceedings{severyn2015twitter,
  title={Twitter sentiment analysis with deep convolutional neural networks},
  author={Severyn, Aliaksei and Moschitti, Alessandro},
  booktitle={Proceedings of the 38th international ACM SIGIR conference on research and development in information retrieval},
  pages={959--962},
  year={2015}
}

@article{jianqiang2018deep,
  title={Deep convolution neural networks for twitter sentiment analysis},
  author={Jianqiang, Zhao and Xiaolin, Gui and Xuejun, Zhang},
  journal={IEEE access},
  volume={6},
  pages={23253--23260},
  year={2018},
  publisher={IEEE}
}

@inproceedings{ouyang2015sentiment,
  title={Sentiment analysis using convolutional neural network},
  author={Ouyang, Xi and Zhou, Pan and Li, Cheng Hua and Liu, Lijun},
  booktitle={2015 IEEE international conference on computer and information technology; ubiquitous computing and communications; dependable, autonomic and secure computing; pervasive intelligence and computing},
  pages={2359--2364},
  year={2015},
  organization={IEEE}
}

@article{zhang2018deep,
  title={Deep learning for sentiment analysis: A survey},
  author={Zhang, Lei and Wang, Shuai and Liu, Bing},
  journal={Wiley Interdisciplinary Reviews: Data Mining and Knowledge Discovery},
  volume={8},
  number={4},
  pages={e1253},
  year={2018},
  publisher={Wiley Online Library}
}

@article{wankhade2022survey,
  title={A survey on sentiment analysis methods, applications, and challenges},
  author={Wankhade, Mayur and Rao, Annavarapu Chandra Sekhara and Kulkarni, Chaitanya},
  journal={Artificial Intelligence Review},
  volume={55},
  number={7},
  pages={5731--5780},
  year={2022},
  publisher={Springer}
}

@article{schouten2015survey,
  title={Survey on aspect-level sentiment analysis},
  author={Schouten, Kim and Frasincar, Flavius},
  journal={IEEE Transactions on Knowledge and Data Engineering},
  volume={28},
  number={3},
  pages={813--830},
  year={2015},
  publisher={IEEE}
}

@article{chowdhary2020natural,
  title={Natural language processing},
  author={Chowdhary, K.R. and Chowdhary, G.G.},
  journal={Fundamentals of Artificial Intelligence},
  pages={603--649},
  year={2020},
  publisher={Springer}
}

@book{liu2020sentiment,
  title={Sentiment analysis: Mining opinions, sentiments, and emotions},
  author={Liu, Bing},
  year={2020},
  edition={second},
  publisher={Cambridge University Press}
}

@article{behdenna2018document,
  title={Document level sentiment analysis: a survey},
  author={Behdenna, Salima and Barigou, Fatiha and Belalem, Ghalem},
  journal={EAI Endorsed Transactions on Context-aware Systems and Applications},
  volume={4},
  number={13},
  pages={e2--e2},
  year={2018}
}

@article{lecun2015deep,
  title={Deep learning},
  author={LeCun, Yann and Bengio, Yoshua and Hinton, Geoffrey},
  journal={Nature},
  volume={521},
  number={7553},
  pages={436--444},
  year={2015},
  publisher={Nature Publishing Group UK London}
}


@Inproceedings{salazar2020,
 author = {Julian Salazar and Davis Liang and Toan Q. Nguyen and Katrin Kirchhoff},
 title = {Masked language model scoring},
 year = {2020},
 booktitle = {The 58th annual meeting of the Association for Computational Linguistics (ACL 2020)},
}

@article{rennekamp2012processing,
  title={Processing fluency and investors’ reactions to disclosure readability},
  author={Rennekamp, Kristina},
  journal={Journal of Accounting Research},
  volume={50},
  number={5},
  pages={1319--1354},
  year={2012},
  publisher={Wiley Online Library}
}

@techreport{kincaid1975derivation,
  title={Derivation of new readability formulas (automated readability index, fog count and flesch reading ease formula) for navy enlisted personnel},
  author={Kincaid, J Peter and Fishburne Jr, Robert P and Rogers, Richard L and Chissom, Brad S},
  year={1975},
  institution={Naval Technical Training Command Millington TN Research Branch}
}

@article{mcglone2000birds,
  title={Birds of a feather flock conjointly (?): Rhyme as reason in aphorisms},
  author={McGlone, Matthew S and Tofighbakhsh, Jessica},
  journal={Psychological Science},
  volume={11},
  number={5},
  pages={424--428},
  year={2000},
  publisher={SAGE Publications Sage CA: Los Angeles, CA}
}

@book{garner2014processing,
  title={The processing of information and structure},
  author={Garner, Wendell R},
  year={2014},
  publisher={Psychology Press}
}

@article{langlois1990attractive,
  title={Attractive faces are only average},
  author={Langlois, Judith H and Roggman, Lori A},
  journal={Psychological Science},
  volume={1},
  number={2},
  pages={115--121},
  year={1990},
  publisher={SAGE Publications Sage CA: Los Angeles, CA}
}

@inproceedings{abdul2017emonet,
  title={Emonet: Fine-grained emotion detection with gated recurrent neural networks},
  author={Abdul-Mageed, Muhammad and Ungar, Lyle},
  booktitle={Proceedings of the 55th Annual Meeting of the Association for Computational Linguistics (ACL 2017)},
  pages={718--728},
  year={2017}
}

@inproceedings{mintz2009distant,
  title={Distant supervision for relation extraction without labeled data},
  author={Mintz, Mike and Bills, Steven and Snow, Rion and Jurafsky, Dan},
  booktitle={Proceedings of the Joint Conference of the 47th Annual Meeting of the ACL and the 4th International Joint Conference on Natural Language Processing of the AFNLP},
  pages={1003--1011},
  year={2009}
}

@article{marblestone2016toward,
  title={Toward an integration of deep learning and neuroscience},
  author={Marblestone, Adam H and Wayne, Greg and Kording, Konrad P},
  journal={Frontiers in Computational Neuroscience},
  pages={94},
  year={2016},
  publisher={Frontiers}
}

@book{hebb2005organization,
  title={The organization of behavior: A neuropsychological theory},
  author={Hebb, Donald Olding},
  year={2005},
  publisher={Psychology Press}
}

@article{laham2012name,
  title={The name-pronunciation effect: Why people like Mr. Smith more than Mr. Colquhoun},
  author={Laham, Simon M and Koval, Peter and Alter, Adam L},
  journal={Journal of Experimental Social Psychology},
  volume={48},
  number={3},
  pages={752--756},
  year={2012},
  publisher={Elsevier}
}

@article{hu2021s,
  title={What’s in a name?--gender classification of names with character based machine learning models},
  author={Hu, Yifan and Hu, Changwei and Tran, Thanh and Kasturi, Tejaswi and Joseph, Elizabeth and Gillingham, Matt},
  journal={Data Mining and Knowledge Discovery},
  volume={35},
  number={4},
  pages={1537--1563},
  year={2021},
  publisher={Springer}
}

@book{zipf1932selected,
  title={Selected studies of the principle of relative frequency in language},
  author={Zipf, George Kingsley},
  year={1932},
  publisher={Harvard University Press}
}

@article{fukushima1975cognitron,
  title={Cognitron: A self-organizing multilayered neural network},
  author={Fukushima, Kunihiko},
  journal={Biological Cybernetics},
  volume={20},
  number={3-4},
  pages={121--136},
  year={1975},
  publisher={Springer}
}

@article{amihud2002illiquidity,
  title={Illiquidity and stock returns: cross-section and time-series effects},
  author={Amihud, Yakov},
  journal={Journal of Financial Markets},
  volume={5},
  number={1},
  pages={31--56},
  year={2002},
  publisher={Elsevier}
}

@article{wilcoxon,
 author = {Frank Wilcoxon},
 journal = {Biometrics Bulletin},
 number = {6},
 pages = {80--83},
 publisher = {[International Biometric Society, Wiley]},
 title = {Individual Comparisons by Ranking Methods},
 urldate = {2023-04-30},
 volume = {1},
 year = {1945}
}

@article{statman1987many,
  title={How many stocks make a diversified portfolio?},
  author={Statman, Meir},
  journal={Journal of Financial and Quantitative Analysis},
  volume={22},
  number={3},
  pages={353--363},
  year={1987},
  publisher={Cambridge University Press}

@inproceedings{glorot2011deep,
  title={Deep sparse rectifier neural networks},
  author={Glorot, Xavier and Bordes, Antoine and Bengio, Yoshua},
  booktitle={Proceedings of the Fourteenth International Conference on Artificial Intelligence and Statistics (AISTATS 2011)},
  pages={315--323},
  year={2011},
  organization={JMLR Workshop and Conference Proceedings}
}

@article{kingma2014adam,
  title={Adam: A method for stochastic optimization},
  author={Kingma, Diederik P and Ba, Jimmy},
  journal={3rd International Conference on Learning Representations (ICLR 2015)},
  year={2015}
}

@article{arellano1987computing,
  title={Computing robust standard errors for within-groups estimators},
  author={Arellano, Manuel and others},
  journal={Oxford Bulletin of Economics and Statistics},
  volume={49},
  number={4},
  pages={431--434},
  year={1987},
  publisher={Department of Economics, University of Oxford}
}

@article{hirshleifer2021first,
  title={First impression bias: Evidence from analyst forecasts},
  author={Hirshleifer, David and Lourie, Ben and Ruchti, Thomas G and Truong, Phong},
  journal={Review of Finance},
  volume={25},
  number={2},
  pages={325--364},
  year={2021},
  publisher={Oxford University Press}
}

@article{edmans2012real,
  title={The real effects of financial markets: The impact of prices on takeovers},
  author={Edmans, Alex and Goldstein, Itay and Jiang, Wei},
  journal={The Journal of Finance},
  volume={67},
  number={3},
  pages={933--971},
  year={2012},
  publisher={Wiley Online Library}
}